@article{butenko2020-9,
  author       = {Бутенко, Ю.И. and Маргарян, Т.Д. and Кочеткова, Е.Л.},
  title        = {Переводческая деятельность в условиях цифровизации: обучение и трудоустройство},
  journal      = {Alma mater (Вестник высшей школы)},
  year         = 2020,
  number       = 9,
  pages        = {98--103},
  doi          = {10.20339/AM.09-20.098}
}

@article{butenko2020-1,
  author       = {Бутенко, Ю.И. and Киселёва, А.Д},
  title        = {Анализ современных корпусов параллельных текстов},
  journal      = {Актуальные проблемы лингвистики и лингводидактики в неязыковом вузе: 4-я Международная научно-практическая конференция},
  year         = 2020,
  volume       = 1,
  pages        = {238--242},
  doi          = {TODO}
}

@article{butenko2020-2,
  author       = {Бутенко, Ю.И. and Строганов, Ю.В. and Бабаджанян, Р.В.},
  title        = {Исследовательский прототип параллельного корпуса  
научно-технических текстов},
  journal      = {Актуальные проблемы лингвистики и лингводидактики в неязыковом вузе: 4-я Международная научно-практическая конференция},
  year         = 2020,
  volume       = 1,
  pages        = {205--209},
  doi          = {TODO}
}

@article{butenko2021,
  author       = {Бутенко, Ю.И.},
  title        = {Модель учебно-научного текста для разметки корпуса научно-технических текстов},
  journal      = {Экономика. Информатика},
  year         = 2021,
  volume       = 48,
  number       = 1,
  pages        = {123--129},
  doi          = {10.52575/2687-0932-2021-48-1-123-129}
}

@article{butenko2022,
  author       = {Бутенко, Ю.И. and Сулейманова, Э.В.},
  title        = {Терминологическая разметка научно-технических текстов в специальном корпусе},
  journal      = {Проблемы лингвистики и лингводидактики в неязыковом вузе: 5-я Международная научно-практическая конференция},
  year         = 2022,
  volume       = 1,
  pages        = {329--337},
  doi          = {TODO}
}

@article{butenko2022-2,
  author       = {Бутенко, Ю.И. and Попова, Н.М.},
  title        = {Особенности семантической разметки в корпусе научно-технических текстов},
  journal      = {Проблемы лингвистики и лингводидактики в неязыковом вузе: 5-я Международная научно-практическая конференция},
  year         = 2022,
  volume       = 1,
  pages        = {324--328},
  doi          = {TODO}
}

@article{lesnikov2019,
  author       = {Лесников, В.С.},
  title        = {Виды разметок текстовых корпусов русского языка},
  journal      = {Научно-техническая информация. Сер. 2. Информационные процессы и системы},
  year         = 2019,
  number       = 9,
  pages        = {27--30},
}

@misc{ruscorpora,
	etitle   = {Национальный корпус русского языка},
	url      = {\url{https://ruscorpora.ru}},
    accessed = {01.03.2024},
}

@misc{opencorpora,
	etitle   = {OpenCorpora --- открытый корпус},
	url      = {\url{https://opencorpora.org}},
    accessed = {25.03.2024},
}

@misc{ucrel,
	etitle   = {University Centre for Computer Corpus Research on Language},
	url      = {\url{https://ucrel.lancs.ac.uk/usas}},
    accessed = {20.05.2024},
}

@misc{ske,
	etitle   = {Sketch Engine: Create and search a text corpus},
	url      = {\url{https://www.sketchengine.eu}},
    accessed = {20.05.2024},
}

@misc{noske,
	etitle   = {NoSketch Engine},
	url      = {\url{https://nlp.fi.muni.cz/trac/noske}},
    accessed = {20.05.2024},
}

@article{survey,
    author = {Khosla, Sonal},
    year = 2018,
    month = 08,
    pages = {13-19},
    title = {A SURVEY REPORT ON THE EXISTING METHODS OF BUILDING A PARALLEL CORPUS},
    volume = 9,
    journal = {International Journal of Advanced Research in Computer Science},
    doi = {10.26483/ijarcs.v9i4.6171}
}

@inbook{cl,
   bookauthor = {В.П. Захаров and С.Ю. Богданова},
   note = {Корпусная лингвистика: Учебник для студентов направления <<Лингвистика>>. 2-е изд., перераб. и дополн., --- СПб.: СПбГУ. РИО. Филологический факультет, 2013. --- 148 с.},
   isbn = {978-5-88267-316-0},
   language = {russian},
}

@inbook{cl2020,
    bookauthor = {В.П. Захаров and С.Ю. Богданова},
    note = {Корпусная лингвистика: учебник. 3-е изд., перераб. --- СПб.: Изд-во С.-Петерб. ун-та, 2020. --- 234 с.},
    isbn = {978-5-288-05997-1},
    language = {russian},
}

@inbook{date,
    bookauthor = {К. Дж. Дейт},
    note = {Введение в системы баз данных, 8-е издание.: Пер. с англ. --- М.: Издательский дом <<Вильямс>>, 2005. --- 1328 c.: ил. --- Парал. тит. англ.},
    isbn = {5-8459-0788-8},
    language = {russian},
}

@inbook{date-wr,
    bookauthor = {Christopher J. Date},
    booktitle = {Relational Database Writings, 1991-1994},
    publisher = {--- Addison-Wesley Publishing Company., 1995 --- 542 с.},
    isbn = {0-201-82459-0},
    language = {english},
}

@misc{lecnotes,
  author       = {Ю.М. Гаврилова},
  title        = {Конспект лекций по курсу <<Базы Данных>>},
  year         = {2023},
}

@misc{psql,
	etitle   = {PostgreSQL: The World's Most Advanced Open Source Relational Database},
	url      = {\url{https://www.postgresql.org/about}},
    accessed = {01.06.2024},
}

@misc{go,
	etitle   = {Build simple, secure, scalable systems with Go},
	url      = {\url{https://go.dev}},
    accessed = {01.06.2024},
}

@misc{gosql,
	etitle   = {Go --- sql package},
	url      = {\url{https://pkg.go.dev/database/sql}},
    accessed = {01.06.2024},
}

@misc{nvim,
	etitle = {Neovim},
	url    = {\url{https://neovim.io}},
    accessed = {01.06.2024},
}

@misc{restapi,
	etitle = {What is a REST API?},
	url    = {\url{https://www.ibm.com/topics/rest-apis}},
    accessed = {03.06.2024},
}

@misc{locust,
	etitle = {LOCUST --- An open source load testing tool},
	url    = {\url{https://locust.io}},
    accessed = {03.06.2024},
}

@misc{amd,
	etitle = {AMD Ryzen 7 4700U},
	url    = {\url{https://www.amd.com/en/product/9096}},
    accessed = {03.06.2024},
}

@misc{nixos,
	etitle = {NixOS},
	url    = {\url{https://nixos.org}},
    accessed = {03.06.2024},
}

@misc{chromium,
	etitle = {The Chromium Projects --- Chromium},
	url    = {\url{https://www.chromium.org/Home}},
    accessed = {03.06.2024},
}

@misc{alacritty,
	etitle = {Alacritty --- A fast, cross-platform, OpenGL terminal emulator},
	url    = {\url{https://github.com/alacritty/alacritty}},
    accessed = {03.06.2024},
}

@misc{docker,
	etitle = {What is Docker? --- Accelerate how you build, share, and run applications},
	url    = {\url{https://www.docker.com}},
    accessed = {03.06.2024},
}

@misc{keydb,
	etitle = {KeyDB --- The Faster Redis Alternative},
	url    = {\url{https://docs.keydb.dev}},
    accessed = {06.06.2024},
}

@misc{python,
	etitle = {Python ---  A programming language that lets you work quickly and integrate systems more effectively},
	url    = {\url{https://www.python.org}},
    accessed = {06.06.2024},
}

@misc{redis,
	etitle = {Redis --- The Real-time Data Platform},
	url    = {\url{https://redis.io}},
    accessed = {06.06.2024},
}

@misc{redis-jobs,
	etitle = {Jobs in UK citing Redis},
	url    = {\url{https://www.itjobswatch.co.uk/jobs/uk/redis.do}},
    accessed = {06.06.2024},
}
